%Introduction

%Probably first Bloom filter paper
@article{bloom1970space,
  title={Space/time trade-offs in hash coding with allowable errors},
  author={Bloom, Burton H},
  journal={Communications of the ACM},
  volume={13},
  number={7},
  pages={422--426},
  year={1970},
  publisher={ACM}
}

%NY paper
@inproceedings{naor2015bloom,
  title={Bloom Filters in Adversarial Environments},
  author={Naor, Moni and Yogev, Eylon},
  booktitle={Annual Cryptology Conference},
  pages={565--584},
  year={2015},
  organization={Springer}
}

@inproceedings{kirsch2006less,
  title={Less hashing, same performance: Building a better Bloom filter},
  author={Kirsch, Adam and Mitzenmacher, Michael},
  booktitle={European Symposium on Algorithms},
  pages={456--467},
  year={2006},
  organization={Springer}
}

%Variants of Bloom filter
 
%Counting Bloom filter
@article{fan2000summary,
  title={Summary cache: a scalable wide-area web cache sharing protocol},
  author={Fan, Li and Cao, Pei and Almeida, Jussara and Broder, Andrei Z},
  journal={IEEE/ACM Transactions on Networking (TON)},
  volume={8},
  number={3},
  pages={281--293},
  year={2000},
  publisher={IEEE Press}
}

%Scalable Bloom filter
@article{almeida2007scalable,
  title={Scalable bloom filters},
  author={Almeida, Paulo S{\'e}rgio and Baquero, Carlos and Pregui{\c{c}}a, Nuno and Hutchison, David},
  journal={Information Processing Letters},
  volume={101},
  number={6},
  pages={255--261},
  year={2007},
  publisher={Elsevier}
}

%Count-min sketch
@article{cormode2005improved,
  title={An improved data stream summary: the count-min sketch and its applications},
  author={Cormode, Graham and Muthukrishnan, S},
  journal={Journal of Algorithms},
  volume={55},
  number={1},
  pages={58--75},
  year={2005},
  publisher={Elsevier}
}


%Applications

%Record Linkage1
@article{schnell2011novel,
  title={A novel error-tolerant anonymous linking code},
  author={Schnell, Rainer and Bachteler, Tobias and Reiher, J{\"o}rg},
  journal=Working paper series no. WP-GRLC-2011-02. N{\"u}rnberg, Germany, City: German Record Linkage Center},
  year={2011}
}
%Record Linkage2
@article{niedermeyer2014cryptanalysis,
  title={Cryptanalysis of basic bloom filters used for privacy preserving record linkage},
  author={Niedermeyer, Frank and Steinmetzer, Simone and Kroll, Martin and Schnell, Rainer},
  journal={Journal of Privacy and Confidentiality},
  volume={6},
  number={2},
  pages={3},
  year={2014}
}
%Bitcoin
@inproceedings{gervais2014privacy,
  title={On the privacy provisions of bloom filters in lightweight bitcoin clients},
  author={Gervais, Arthur and Capkun, Srdjan and Karame, Ghassan O and Gruber, Damian},
  booktitle={Proceedings of the 30th Annual Computer Security Applications Conference},
  pages={326--335},
  year={2014},
  organization={ACM}
}
%hash-based IP-traceback systems and Web cache sharing
@article{nojima2009cryptographically,
  title={Cryptographically Secure Bloom-Filters.},
  author={Nojima, Ryo and Kadobayashi, Youki},
  journal={Transactions on Data Privacy},
  volume={2},
  number={2},
  pages={131--139},
  year={2009}
}
%Ensuring TCP fairness in non-responsive flows(SFB)
@inproceedings{feng2001stochastic,
  title={Stochastic fair blue: A queue management algorithm for enforcing fairness},
  author={Feng, Wu-chang and Kandlur, Dilip D and Saha, Debanjan and Shin, Kang G},
  booktitle={INFOCOM 2001. Twentieth Annual Joint Conference of the IEEE Computer and Communications Societies. Proceedings. IEEE},
  volume={3},
  pages={1520--1529},
  year={2001},
  organization={IEEE}
}
%P2P keyword searching
@inproceedings{reynolds2003efficient,
  title={Efficient peer-to-peer keyword searching},
  author={Reynolds, Patrick and Vahdat, Amin},
  booktitle={Proceedings of the ACM/IFIP/USENIX 2003 International Conference on Middleware},
  pages={21--40},
  year={2003},
  organization={Springer-Verlag New York, Inc.}
}
%Content delivery
@article{byers2002informed,
  title={Informed content delivery across adaptive overlay networks},
  author={Byers, John and Considine, Jeffrey and Mitzenmacher, Michael and Rost, Stanislav},
  journal={ACM SIGCOMM Computer Communication Review},
  volume={32},
  number={4},
  pages={47--60},
  year={2002},
  publisher={ACM}
}
%Broder and Mitzenmacher survey on applications of bloom filters(the above 3 applications are part of the survey)
@article{broder2004network,
  title={Network applications of bloom filters: A survey},
  author={Broder, Andrei and Mitzenmacher, Michael},
  journal={Internet mathematics},
  volume={1},
  number={4},
  pages={485--509},
  year={2004},
  publisher={Taylor \& Francis}
}

%Definitions
%  +nojima2009cryptographicall +naor2015bloom     
@article{goh2003secure,
  title={Secure Indexes.},
  author={Goh, Eu-Jin and others},
  journal={IACR Cryptology ePrint Archive},
  volume={2003},
  pages={216},
  year={2003}
}

% Attacks
% +schnell2011novel +niedermeyer2014cryptanalysis +gervais2014privacy

%DOS attack
@inproceedings{crosby2003denial,
  title={Denial of Service via Algorithmic Complexity Attacks.},
  author={Crosby, Scott A and Wallach, Dan S},
  booktitle={Usenix Security},
  volume={2},
  year={2003}
}

%DOS via polluting attacks
@inproceedings{gerbet2015power,
  title={The Power of Evil Choices in Bloom Filters},
  author={Gerbet, Thomas and Kumar, Amrit and Lauradoux, C{\'e}dric},
  booktitle={2015 45th Annual IEEE/IFIP International Conference on Dependable Systems and Networks},
  pages={101--112},
  year={2015},
  organization={IEEE}
}

%Constructions
@article{bellovin2004privacy,
  title={Privacy-Enhanced Searches Using Encrypted Bloom Filters.},
  author={Bellovin, Steven M and Cheswick, William R},
  journal={IACR Cryptology ePrint Archive},
  volume={2004},
  pages={22},
  year={2004}
}

@inproceedings{kerschbaum2011public,
  title={Public-key encrypted bloom filters with applications to supply chain integrity},
  author={Kerschbaum, Florian},
  booktitle={IFIP Annual Conference on Data and Applications Security and Privacy},
  pages={60--75},
  year={2011},
  organization={Springer}
}

@inproceedings{sarela2010bloomcasting,
  title={BloomCasting: security in Bloom filter based multicast},
  author={S{\"a}rel{\"a}, Mikko and Rothenberg, Christian Esteve and Zahemszky, Andr{\'a}s and Nikander, Pekka and Ott, J{\"o}rg},
  booktitle={Nordic Conference on Secure IT Systems},
  pages={1--16},
  year={2010},
  organization={Springer}
}

@inproceedings{dong2013private,
  title={When private set intersection meets big data: an efficient and scalable protocol},
  author={Dong, Changyu and Chen, Liqun and Wen, Zikai},
  booktitle={Proceedings of the 2013 ACM SIGSAC conference on Computer \& communications security},
  pages={789--800},
  year={2013},
  organization={ACM}
}

@article{tarkoma2012theory,
  title={Theory and practice of bloom filters for distributed systems},
  author={Tarkoma, Sasu and Rothenberg, Christian Esteve and Lagerspetz, Eemil},
  journal={IEEE Communications Surveys \& Tutorials},
  volume={14},
  number={1},
  pages={131--155},
  year={2012},
  publisher={IEEE}
}

@article{durham2014composite,
  title={Composite bloom filters for secure record linkage},
  author={Durham, Elizabeth A and Kantarcioglu, Murat and Xue, Yuan and Toth, Csaba and Kuzu, Mehmet and Malin, Bradley},
  journal={IEEE transactions on knowledge and data engineering},
  volume={26},
  number={12},
  pages={2956--2968},
  year={2014},
  publisher={IEEE}
}

%Tangential
@inproceedings{chang2005privacy,
  title={Privacy preserving keyword searches on remote encrypted data},
  author={Chang, Yan-Cheng and Mitzenmacher, Michael},
  booktitle={International Conference on Applied Cryptography and Network Security},
  pages={442--455},
  year={2005},
  organization={Springer}
}

@inproceedings{mitzenmacher2008simple,
  title={Why simple hash functions work: exploiting the entropy in a data stream},
  author={Mitzenmacher, Michael and Vadhan, Salil},
  booktitle={Proceedings of the nineteenth annual ACM-SIAM symposium on Discrete algorithms},
  pages={746--755},
  year={2008},
  organization={Society for Industrial and Applied Mathematics}
}

@inproceedings{dodis2004fuzzy,
  title={Fuzzy extractors: How to generate strong keys from biometrics and other noisy data},
  author={Dodis, Yevgeniy and Reyzin, Leonid and Smith, Adam},
  booktitle={International Conference on the Theory and Applications of Cryptographic Techniques},
  pages={523--540},
  year={2004},
  organization={Springer}
}

%Be-Ro game playing
@article{bellare2004game,
  title={The game-playing technique},
  author={Bellare, Mihir and Rogaway, Phil},
  journal={International Association for Cryptographic Research (IACR) ePrint Archive: Report},
  volume={331},
  pages={2004},
  year={2004},
  publisher={Citeseer}
}


